@misc{fpgacpu_skidbuf,   
    title = {Skid Buffer},   
    url = {http://fpgacpu.ca/fpga/Pipeline_Skid_Buffer.html},   
    author = {Charles Eric LaForest},   
}