@misc{matlab_fxp,   
    title = {Fixed Point Concepts},   
    url = {https://www.mathworks.com/help/fixedpoint/fixed-point-concepts.html?s_tid=CRUX_lftnav},   
    author = {Mathworks},   
}

@misc{ucdavis_sat,   
    title = {Saturation},   
    url = {https://www.ece.ucdavis.edu/~bbaas/281/notes/Handout.saturation.pdf},   
    author = {Bevan Baas},   
}

@misc{ucdavis_round,   
    title = {Rounding},   
    url = {https://www.ece.ucdavis.edu/~bbaas/281/notes/Handout.rounding.pdf},   
    author = {Bevan Baas},   
}

@misc{ucdavis_flt2fxp,   
    title = {Floating Point to Fixed Point},   
    url = {https://www.ece.ucdavis.edu/~bbaas/281/notes/Handout.float.convert.pdf},   
    author = {Bevan Baas},   
}

@misc{zipcpu_round,   
    title = {Rounding},   
    url = {https://zipcpu.com/dsp/2017/07/22/rounding.html},   
    author = {ZIP CPU},   
}

@misc{zipcpu_bitgrowth,   
    title = {Bit Growth},   
    url = {https://zipcpu.com/dsp/2017/07/21/bit-growth.html},   
    author = {ZIP CPU},   
}